@article{etaati2019azure,
	title="Azure Machine Learning Studio",
	author="Leila {Etaati}",
	journal="",
	pages="201--223",
	notes="Sourced from Microsoft Academic - https://academic.microsoft.com/paper/2952511938",
	year="2019"
}

@inproceedings{harlap2017proteus,
	title="Proteus: agile ML elasticity through tiered reliability in dynamic resource markets",
	author="Aaron {Harlap} and Alexey {Tumanov} and Andrew {Chung} and Gregory R. {Ganger} and Phillip B. {Gibbons}",
	booktitle="Proceedings of the Twelfth European Conference on Computer Systems",
	pages="589--604",
	notes="Sourced from Microsoft Academic - https://academic.microsoft.com/paper/2605643718",
	year="2017"
}

@inproceedings{zhang2019mark,
	title="MArk: Exploiting Cloud Services for Cost-Effective, SLO-Aware Machine Learning Inference Serving.",
	author="Chengliang {Zhang} and Minchen {Yu} and Wei {Wang} and Feng {Yan}",
	booktitle="2019 {USENIX} Annual Technical Conference ({USENIX} {ATC} 19)",
	pages="1049--1062",
	notes="Sourced from Microsoft Academic - https://academic.microsoft.com/paper/2956461999",
	year="2019"
}

@inproceedings{wang2019distributed,
	title="Distributed Machine Learning with a Serverless Architecture",
	author="Hao {Wang} and Di {Niu} and Baochun {Li}",
	booktitle="IEEE INFOCOM 2019 - IEEE Conference on Computer Communications",
	pages="1288--1296",
	notes="Sourced from Microsoft Academic - https://academic.microsoft.com/paper/2918828872",
	year="2019"
}

@article{joshi2020amazon,
	title="Amazon’s Machine Learning Toolkit: Sagemaker",
	author="Ameet V {Joshi}",
	journal="",
	pages="233--243",
	notes="Sourced from Microsoft Academic - https://academic.microsoft.com/paper/2975257729",
	year="2020"
}

@inproceedings{li2020spottune,
	title="SpotTune: Leveraging Transient Resources for Cost-efficient Hyper-parameter Tuning in the Public Cloud",
	author="Yan {Li} and Bo {An} and Junming {Ma} and Donggang {Cao} and Yasha {Wang} and Hong {Mei}",
	booktitle="2020 IEEE 40th International Conference on Distributed Computing Systems (ICDCS)",
	notes="Sourced from Microsoft Academic - https://academic.microsoft.com/paper/3130545228",
	year="2020"
}

@inproceedings{liberty2020elastic,
	title="Elastic Machine Learning Algorithms in Amazon SageMaker",
	author="Edo {Liberty} and Zohar {Karnin} and Bing {Xiang} and Laurence {Rouesnel} and Baris {Coskun} and Ramesh {Nallapati} and Julio {Delgado} and Amir {Sadoughi} and Yury {Astashonok} and Piali {Das} and Can {Balioglu} and Saswata {Chakravarty} and Madhav {Jha} and Philip {Gautier} and David {Arpin} and Tim {Januschowski} and Valentin {Flunkert} and Yuyang {Wang} and Jan {Gasthaus} and Lorenzo {Stella} and Syama {Rangapuram} and David {Salinas} and Sebastian {Schelter} and Alex {Smola}",
	booktitle="Proceedings of the 2020 ACM SIGMOD International Conference on Management of Data",
	pages="731--737",
	notes="Sourced from Microsoft Academic - https://academic.microsoft.com/paper/3020531607",
	year="2020"
}

@article{perrone2020amazon,
	title="Amazon SageMaker Automatic Model Tuning: Scalable Black-box Optimization.",
	author="Valerio {Perrone} and Huibin {Shen} and Aida {Zolic} and Iaroslav {Shcherbatyi} and Amr {Ahmed} and Tanya {Bansal} and Michele {Donini} and Fela {Winkelmolen} and Rodolphe {Jenatton} and Jean Baptiste {Faddoul} and Barbara {Pogorzelska} and Miroslav {Miladinovic} and Krishnaram {Kenthapadi} and Matthias W. {Seeger} and Cédric {Archambeau}",
	journal="arXiv preprint arXiv:2012.08489",
	notes="Sourced from Microsoft Academic - https://academic.microsoft.com/paper/3112317036",
	year="2020"
}

@inproceedings{klimovic2018selecta,
	title={Selecta: heterogeneous cloud storage configuration for data analytics},
	author={Klimovic, Ana and Litz, Heiner and Kozyrakis, Christos},
	booktitle={2018 $\{$USENIX$\}$ Annual Technical Conference ($\{$USENIX$\}$$\{$ATC$\}$ 18)},
	pages={759--773},
	year={2018}
}

@inproceedings{alipourfard2017cherrypick,
	title={Cherrypick: Adaptively unearthing the best cloud configurations for big data analytics},
	author={Alipourfard, Omid and Liu, Hongqiang Harry and Chen, Jianshu and Venkataraman, Shivaram and Yu, Minlan and Zhang, Ming},
	booktitle={14th $\{$USENIX$\}$ Symposium on Networked Systems Design and Implementation ($\{$NSDI$\}$ 17)},
	pages={469--482},
	year={2017}
}

@article{casimiro2019lynceus,
	title="Lynceus: Cost-efficient Tuning and Provisioning of Data Analytic Jobs",
	author="Maria {Casimiro} and Diego {Didona} and Paolo {Romano} and Luís {Rodrigues} and Willy {Zwanepoel} and David {Garlan}",
	journal="arXiv: Distributed, Parallel, and Cluster Computing",
	notes="Sourced from Microsoft Academic - https://academic.microsoft.com/paper/3000863619",
	year="2019"
}

@inproceedings{yadwadkar2017selecting,
	title={Selecting the best vm across multiple public clouds: A data-driven performance modeling approach},
	author={Yadwadkar, Neeraja J and Hariharan, Bharath and Gonzalez, Joseph E and Smith, Burton and Katz, Randy H},
	booktitle={Proceedings of the 2017 Symposium on Cloud Computing},
	pages={452--465},
	year={2017},
	organization={ACM}
}

@inproceedings{venkataraman2016ernest,
	title={Ernest: efficient performance prediction for large-scale advanced analytics},
	author={Venkataraman, Shivaram and Yang, Zongheng and Franklin, Michael and Recht, Benjamin and Stoica, Ion},
	booktitle={13th $\{$USENIX$\}$ Symposium on Networked Systems Design and Implementation ($\{$NSDI$\}$ 16)},
	pages={363--378},
	year={2016}
}

@inproceedings{moradi2019performance,
	title={Performance Prediction in Dynamic Clouds using Transfer Learning},
	author={Moradi, Farnaz and Stadler, Rolf and Johnsson, Andreas},
	booktitle={2019 IFIP/IEEE Symposium on Integrated Network and Service Management (IM)},
	pages={242--250},
	year={2019},
	organization={IEEE}
}

@inproceedings{zheng2019online,
	title={An Online Mechanism for Purchasing IaaS Instances and Scheduling Pleasingly Parallel Jobs in Cloud Computing Environments},
	author={Zheng, Bingbing and Pan, Li and Liu, Shijun and Wang, Lu},
	booktitle={2019 IEEE 39th International Conference on Distributed Computing Systems (ICDCS)},
	pages={35--45},
	year={2019},
	organization={IEEE}
}

@inproceedings{delimitrou2014quasar,
	title="Quasar: resource-efficient and QoS-aware cluster management",
	author="Christina {Delimitrou} and Christos {Kozyrakis}",
	booktitle="Proceedings of the 19th international conference on Architectural support for programming languages and operating systems",
	volume="49",
	number="4",
	pages="127--144",
	notes="Sourced from Microsoft Academic - https://academic.microsoft.com/paper/2160121678",
	year="2014"
}

@inproceedings{mao2019learning,
	title="Learning scheduling algorithms for data processing clusters",
	author="Hongzi {Mao} and Malte {Schwarzkopf} and Shaileshh Bojja {Venkatakrishnan} and Zili {Meng} and Mohammad {Alizadeh}",
	booktitle="Proceedings of the ACM Special Interest Group on Data Communication",
	pages="270--288",
	notes="Sourced from Microsoft Academic - https://academic.microsoft.com/paper/2968986602",
	year="2019"
}

@inproceedings{chung2018stratus,
	title="Stratus: cost-aware container scheduling in the public cloud",
	author="Andrew {Chung} and Jun Woo {Park} and Gregory R. {Ganger}",
	booktitle="Proceedings of the ACM Symposium on Cloud Computing",
	pages="121--134",
	notes="Sourced from Microsoft Academic - https://academic.microsoft.com/paper/2892876587",
	year="2018"
}

@inproceedings{carreira2019cirrus,
	title="Cirrus: a Serverless Framework for End-to-end ML Workflows",
	author="Joao {Carreira} and Pedro {Fonseca} and Alexey {Tumanov} and Andrew {Zhang} and Randy {Katz}",
	booktitle="Proceedings of the ACM Symposium on Cloud Computing",
	pages="13--24",
	notes="Sourced from Microsoft Academic - https://academic.microsoft.com/paper/2987607480",
	year="2019"
}

@inproceedings{feng2018exploring,
	title="Exploring Serverless Computing for Neural Network Training",
	author="Lang {Feng} and Prabhakar {Kudva} and Dilma Da {Silva} and Jiang {Hu}",
	booktitle="2018 IEEE 11th International Conference on Cloud Computing (CLOUD)",
	pages="334--341",
	notes="Sourced from Microsoft Academic - https://academic.microsoft.com/paper/2889893539",
	year="2018"
}

@inproceedings{wang2019distributed,
	title="Distributed Machine Learning with a Serverless Architecture",
	author="Hao {Wang} and Di {Niu} and Baochun {Li}",
	booktitle="IEEE INFOCOM 2019 - IEEE Conference on Computer Communications",
	pages="1288--1296",
	notes="Sourced from Microsoft Academic - https://academic.microsoft.com/paper/2918828872",
	year="2019"
}

@inproceedings{harlap2018tributary,
  title={Tributary: spot-dancing for elastic services with latency SLOs},
  author={Harlap, Aaron and Chung, Andrew and Tumanov, Alexey and Ganger, Gregory R and Gibbons, Phillip B},
  booktitle={2018 $\{$USENIX$\}$ Annual Technical Conference ($\{$USENIX$\}$$\{$ATC$\}$ 18)},
  pages={1--14},
  year={2018}
}

@inproceedings{zhang2019mark,
  title={Mark: Exploiting cloud services for cost-effective, slo-aware machine learning inference serving},
  author={Zhang, Chengliang and Yu, Minchen and Wang, Wei and Yan, Feng},
  booktitle={2019 $\{$USENIX$\}$ Annual Technical Conference ($\{$USENIX$\}$$\{$ATC$\}$ 19)},
  pages={1049--1062},
  year={2019}
}

@inproceedings{ishakian2018serving,
	title="Serving Deep Learning Models in a Serverless Platform",
	author="Vatche {Ishakian} and Vinod {Muthusamy} and Aleksander {Slominski}",
	booktitle="2018 IEEE International Conference on Cloud Engineering (IC2E)",
	pages="257--262",
	notes="Sourced from Microsoft Academic - https://academic.microsoft.com/paper/2963988417",
	year="2018"
}

@inproceedings{bhattacharjee2019barista,
	title="BARISTA: Efficient and Scalable Serverless Serving System for Deep Learning Prediction Services",
	author="Anirban {Bhattacharjee} and Ajay Dev {Chhokra} and Zhuangwei {Kang} and Hongyang {Sun} and Aniruddha {Gokhale} and Gabor {Karsai}",
	booktitle="2019 IEEE International Conference on Cloud Engineering (IC2E)",
	pages="23--33",
	notes="Sourced from Microsoft Academic - https://academic.microsoft.com/paper/3105227206",
	year="2019"
}

@inproceedings{crankshaw2020inferline,
	title="InferLine: latency-aware provisioning and scaling for prediction serving pipelines",
	author="Daniel {Crankshaw} and Gur-Eyal {Sela} and Xiangxi {Mo} and Corey {Zumar} and Ion {Stoica} and Joseph {Gonzalez} and Alexey {Tumanov}",
	booktitle="Proceedings of the 11th ACM Symposium on Cloud Computing",
	pages="477--491",
	notes="Sourced from Microsoft Academic - https://academic.microsoft.com/paper/3095488153",
	year="2020"
}

@article{romero2019infaas,
	title="INFaaS: A Model-less Inference Serving System",
	author="Francisco {Romero} and Qian {Li} and Neeraja J. {Yadwadkar} and Christos {Kozyrakis}",
	journal="arXiv preprint arXiv:1905.13348",
	notes="Sourced from Microsoft Academic - https://academic.microsoft.com/paper/2976643737",
	year="2019"
}

@article{christidis2020enabling,
	title="Enabling Serverless Deployment of Large-Scale AI Workloads",
	author="Angelos {Christidis} and Sotiris {Moschoyiannis} and Ching-Hsien {Hsu} and Roy {Davies}",
	journal="IEEE Access",
	volume="8",
	pages="70150--70161",
	notes="Sourced from Microsoft Academic - https://academic.microsoft.com/paper/3013015689",
	year="2020"
}

@inproceedings{tu2018pay,
	title="Pay-Per-Request Deployment of Neural Network Models Using Serverless Architectures",
	author="Zhucheng {Tu} and Mengping {Li} and Jimmy {Lin}",
	booktitle="Proceedings of the 2018 Conference of the North American Chapter of the Association for Computational Linguistics: Demonstrations",
	pages="6--10",
	notes="Sourced from Microsoft Academic - https://academic.microsoft.com/paper/2806743650",
	year="2018"
}

@inproceedings{xiao2018gandiva,
	title="Gandiva: introspective cluster scheduling for deep learning",
	author="Wencong {Xiao} and Romil {Bhardwaj} and Ramachandran {Ramjee} and Muthian {Sivathanu} and Nipun {Kwatra} and Zhenhua {Han} and Pratyush {Patel} and Xuan {Peng} and Hanyu {Zhao} and Quanlu {Zhang} and Fan {Yang} and Lidong {Zhou}",
	booktitle="Proceedings of the 12th USENIX conference on Operating Systems Design and Implementation",
	pages="595--610",
	notes="Sourced from Microsoft Academic - https://academic.microsoft.com/paper/2899071864",
	year="2018"
}

@inproceedings{gu2019tiresias,
	title="Tiresias: A {GPU} Cluster Manager for Distributed Deep Learning",
	author="Juncheng {Gu} and Mosharaf {Chowdhury} and Kang G. {Shin} and Yibo {Zhu} and Myeongjae {Jeon} and Junjie {Qian} and Hongqiang Harry {Liu} and Chuanxiong {Guo}",
	booktitle="16th {USENIX} Symposium on Networked Systems Design and Implementation ({NSDI} 19)",
	pages="485--500",
	notes="Sourced from Microsoft Academic - https://academic.microsoft.com/paper/2919594608",
	year="2019"
}

@article{hong2017gpu,
	title="GPU Virtualization and Scheduling Methods: A Comprehensive Survey",
	author="Cheol-Ho {Hong} and Ivor {Spence} and Dimitrios S. {Nikolopoulos}",
	journal="ACM Computing Surveys",
	volume="50",
	number="3",
	pages="35",
	notes="Sourced from Microsoft Academic - https://academic.microsoft.com/paper/2608738900",
	year="2017"
}

@inproceedings{kang2017convgpu,
	title="ConVGPU: GPU Management Middleware in Container Based Virtualized Environment",
	author="Daeyoun {Kang} and Tae Joon {Jun} and Dohyeun {Kim} and Jaewook {Kim} and Daeyoung {Kim}",
	booktitle="2017 IEEE International Conference on Cluster Computing (CLUSTER)",
	pages="301--309",
	notes="Sourced from Microsoft Academic - https://academic.microsoft.com/paper/2758769333",
	year="2017"
}

@inproceedings{huang2020swapadvisor,
	title="SwapAdvisor: Pushing Deep Learning Beyond the GPU Memory Limit via Smart Swapping",
	author="Chien-Chin {Huang} and Gu {Jin} and Jinyang {Li}",
	booktitle="Proceedings of the Twenty-Fifth International Conference on Architectural Support for Programming Languages and Operating Systems",
	pages="1341--1355",
	notes="Sourced from Microsoft Academic - https://academic.microsoft.com/paper/3012479151",
	year="2020"
}

@inproceedings{amaral2017topology,
	title="Topology-aware GPU scheduling for learning workloads in cloud environments",
	author="Marcelo {Amaral} and Jordà {Polo} and David {Carrera} and Seetharami {Seelam} and Malgorzata {Steinder}",
	booktitle="Proceedings of the International Conference for High Performance Computing, Networking, Storage and Analysis on ",
	pages="17",
	notes="Sourced from Microsoft Academic - https://academic.microsoft.com/paper/2767239597",
	year="2017"
}

@inproceedings{zhao2020hived,
	title="HiveD: Sharing a {GPU} Cluster for Deep Learning with Guarantees",
	author="Hanyu {Zhao} and Zhenhua {Han} and Zhi {Yang} and Quanlu {Zhang} and Fan {Yang} and Lidong {Zhou} and Mao {Yang} and Francis C. M. {Lau} and Yuqi {Wang} and Yifan {Xiong} and Bin {Wang}",
	booktitle="14th {USENIX} Symposium on Operating Systems Design and Implementation ({OSDI} 20)",
	pages="515--532",
	notes="Sourced from Microsoft Academic - https://academic.microsoft.com/paper/3095922049",
	year="2020"
}

@article{yu2020salus,
	title="Salus: Fine-Grained GPU Sharing Primitives for Deep Learning Applications",
	author="Peifeng {Yu} and Mosharaf {Chowdhury}",
	journal="Proceedings of Machine Learning and Systems",
	volume="2",
	pages="98--111",
	notes="Sourced from Microsoft Academic - https://academic.microsoft.com/paper/3037681773",
	year="2020"
}

@inproceedings {197247,
author = {Olga Ohrimenko and Felix Schuster and Cedric Fournet and Aastha Mehta and Sebastian Nowozin and Kapil Vaswani and Manuel Costa},
title = {Oblivious Multi-Party Machine Learning on Trusted Processors},
booktitle = {25th {USENIX} Security Symposium ({USENIX} Security 16)},
year = {2016},
isbn = {978-1-931971-32-4},
address = {Austin, TX},
pages = {619--636},
url = {https://www.usenix.org/conference/usenixsecurity16/technical-sessions/presentation/ohrimenko},
publisher = {{USENIX} Association},
month = aug,
}

@article{kunkel2019tensorscone,
	title="TensorSCONE: A Secure TensorFlow Framework using Intel SGX.",
	author="Roland {Kunkel} and Do Le {Quoc} and Franz {Gregor} and Sergei {Arnautov} and Pramod {Bhatotia} and Christof {Fetzer}",
	journal="arXiv preprint arXiv:1902.04413",
	notes="Sourced from Microsoft Academic - https://academic.microsoft.com/paper/2911433949",
	year="2019"
}

@article{ma2020s3ml,
	title="S3ML: A Secure Serving System for Machine Learning Inference.",
	author="Junming {Ma} and Chaofan {Yu} and Aihui {Zhou} and Bingzhe {Wu} and Xibin {Wu} and Xingyu {Chen} and Xiangqun {Chen} and Lei {Wang} and Donggang {Cao}",
	journal="arXiv preprint arXiv:2010.06212",
	notes="Sourced from Microsoft Academic - https://academic.microsoft.com/paper/3093179024",
	year="2020"
}

@inproceedings{arnautov2016scone,
	title="SCONE: secure Linux containers with Intel SGX",
	author="Sergei {Arnautov} and Bohdan {Trach} and Franz {Gregor} and Thomas {Knauth} and Andre {Martin} and Christian {Priebe} and Joshua {Lind} and Divya {Muthukumaran} and Dan {O'Keeffe} and Mark L. {Stillwell} and David {Goltzsche} and David {Eyers} and Rüdiger {Kapitza} and Peter {Pietzuch} and Christof {Fetzer}",
	booktitle="Proceedings of the 12th USENIX conference on Operating Systems Design and Implementation",
	pages="689--703",
	notes="Sourced from Microsoft Academic - https://academic.microsoft.com/paper/2561955909",
	year="2016"
}

@inproceedings{tramèr2018slalom,
	title="Slalom: Fast, Verifiable and Private Execution of Neural Networks in Trusted Hardware",
	author="Florian {Tramèr} and Dan {Boneh}",
	booktitle="International Conference on Learning Representations",
	notes="Sourced from Microsoft Academic - https://academic.microsoft.com/paper/2963750162",
	year="2018"
}

@inproceedings{delimitrou2014quasar,
	title="Quasar: resource-efficient and QoS-aware cluster management",
	author="Christina {Delimitrou} and Christos {Kozyrakis}",
	booktitle="Proceedings of the 19th international conference on Architectural support for programming languages and operating systems",
	volume="49",
	number="4",
	pages="127--144",
	notes="Sourced from Microsoft Academic - https://academic.microsoft.com/paper/2160121678",
	year="2014"
}

@inproceedings{mirhoseini2017device,
	title="Device placement optimization with reinforcement learning",
	author="Azalia {Mirhoseini} and Hieu {Pham} and Quoc V. {Le} and Benoit {Steiner} and Rasmus {Larsen} and Yuefeng {Zhou} and Naveen {Kumar} and Mohammad {Norouzi} and Samy {Bengio} and Jeff {Dean}",
	booktitle="ICML'17 Proceedings of the 34th International Conference on Machine Learning - Volume 70",
	pages="2430--2439",
	notes="Sourced from Microsoft Academic - https://academic.microsoft.com/paper/2617411258",
	year="2017"
}

@inproceedings{mao2019learning,
	title="Learning scheduling algorithms for data processing clusters",
	author="Hongzi {Mao} and Malte {Schwarzkopf} and Shaileshh Bojja {Venkatakrishnan} and Zili {Meng} and Mohammad {Alizadeh}",
	booktitle="Proceedings of the ACM Special Interest Group on Data Communication",
	pages="270--288",
	notes="Sourced from Microsoft Academic - https://academic.microsoft.com/paper/2968986602",
	year="2019"
}

@inproceedings{li2019deepjs,
	title="DeepJS: Job Scheduling Based on Deep Reinforcement Learning in Cloud Data Center",
	author="Fengcun {Li} and Bo {Hu}",
	booktitle="Proceedings of the 2019 4th International Conference on Big Data and Computing",
	pages="48--53",
	notes="Sourced from Microsoft Academic - https://academic.microsoft.com/paper/2958071912",
	year="2019"
}

@inproceedings {186214,
author = {Mu Li and David G. Andersen and Jun Woo Park and Alexander J. Smola and Amr Ahmed and Vanja Josifovski and James Long and Eugene J. Shekita and Bor-Yiing Su},
title = {Scaling Distributed Machine Learning with the Parameter Server},
booktitle = {11th {USENIX} Symposium on Operating Systems Design and Implementation ({OSDI} 14)},
year = {2014},
isbn = { 978-1-931971-16-4},
address = {Broomfield, CO},
pages = {583--598},
url = {https://www.usenix.org/conference/osdi14/technical-sessions/presentation/li_mu},
publisher = {{USENIX} Association},
month = oct,
}

@inproceedings{marcus2019neo,
	title="Neo: a learned query optimizer",
	author="Ryan {Marcus} and Parimarjan {Negi} and Hongzi {Mao} and Chi {Zhang} and Mohammad {Alizadeh} and Tim {Kraska} and Olga {Papaemmanouil} and Nesime {Tatbul}",
	booktitle="Proceedings of the VLDB Endowment",
	volume="12",
	number="11",
	pages="1705--1718",
	notes="Sourced from Microsoft Academic - https://academic.microsoft.com/paper/3099273181",
	year="2019"
}

@inproceedings{47669,
title	= {SageDB: A Learned Database System},
author	= {Tim Kraska and Mohammad Alizadeh and Alex Beutel and Ed H. Chi and Jialin Ding and Ani Kristo and Guillaume Leclerc and Samuel Madden and Hongzi Mao and Vikram Nathan},
year	= {2019}
}

@inproceedings{10.1145/3437984.3458837,
author = {Mendoza, Daniel and Romero, Francisco and Li, Qian and Yadwadkar, Neeraja J. and Kozyrakis, Christos},
title = {Interference-Aware Scheduling for Inference Serving},
year = {2021},
isbn = {9781450382984},
publisher = {Association for Computing Machinery},
address = {New York, NY, USA},
url = {https://doi.org/10.1145/3437984.3458837},
doi = {10.1145/3437984.3458837},
booktitle = {Proceedings of the 1st Workshop on Machine Learning and Systems},
pages = {80–88},
numpages = {9},
keywords = {inference serving, heterogeneity, machine learning, cloud computing, interference-aware scheduling},
location = {Online, United Kingdom},
series = {EuroMLSys '21}
}

@inproceedings{crankshaw2017clipper,
	title="Clipper: a low-latency online prediction serving system",
	author="Daniel {Crankshaw} and Xin {Wang} and Giulio {Zhou} and Michael J. {Franklin} and Joseph E. {Gonzalez} and Ion {Stoica}",
	booktitle="NSDI'17 Proceedings of the 14th USENIX Conference on Networked Systems Design and Implementation",
	pages="613--627",
	notes="Sourced from Microsoft Academic - https://academic.microsoft.com/paper/2964108773",
	year="2017"
}

% vim:ts=4:sw=4
